@BOOK{Leo:1987kd,
      author         = "Leo, W.R.",
      title          = "{Techniques for Nuclear and Particle Physics Experiments:
                        A How to Approach}",
      year           = "1987",
      reportNumber   = "ISBN-9783540572800",
      publisher = "Berlin, Germany: Springer",
      pages = "368",
      SLACcitation   = "%%CITATION = ISBN-9783540572800 ETC.;%%",
}


@Article{clastof,
     author    = "Smith, E. S. and others",
     title     = "{The time-of-flight system for CLAS}",
     journal   = "Nucl. Instrum. Meth.",
     volume    = "A432",
     year      = "1999",
     pages     = "265-298",
     doi       = "10.1016/S0168-9002(99)00484-2",
     SLACcitation  = "%%CITATION = NUIMA,A432,265;%%"
}

@MISC{knu-clasnote,
   author = "V.N. Batourine and W. Kim and D.M. Nekrasov and K. Park and B. Shin and E.S. Smith and S.S. Stepanyan",
   title = "{CLAS-NOTE-2004-016: Measurement of PMT Time Resolution at Kyungpook National University}",
   year = "2004",
}

@MISC{bfield-clasnote,
   author = "Stephen Armstrong and Elton Smith",
   title = "{CLAS-NOTE-91-018: Magnetic Shielding of Photomultiplier Tubes in the CLAS TOF}",
   year = "1991"
}

@Article{tof-slac,
     author    = "Atwood, W. B.",
     title     = "{TIME-OF-FLIGHT MEASUREMENTS}",
     note      = "Presented at SLAC Summer Inst., Stanford, Calif., Jul 28 - Aug 8, 1980"
}

@MANUAL{v1290n-man,
title = "{Mod. V1290-VX1290 A/N, 32/16 Ch. Multihit TDC}",
organization = "Caen",
month = "June",
year = "2009"
}

@MANUAL{v792n-man,
title = "{Mod. V792/V792N 32/16 channel QDC}",
organization = "Caen",
month = "May",
year = "2009"
}

@MISC{tdr,
key = "Jefferson Lab",
organization = {Jefferson Lab},
title = "{CLAS12 Technical Design Report v5.0}",
pages = "347-373",
year = "2008",
month = "July"
}

@MANUAL{clas-construct,
title = "{CLAS Time of Flight System Forward Angle Scintillator Construction Manual}",
organization = {University of New Hampshire},
author = "Korac MacArthur",
year = "1993",
month = "March"
}

@article {eichholz1979principles,
     title = {Principles of nuclear radiation detection},
    author = {Eichholz, Geoffrey G and Poston, John W},
      year = {1979},
 publisher = {Ann Arbor Science Publishers Inc., Ann Arbor, MI}
}


@MISC{tof-laser,
title = "{CLAS-NOTE-93-024: Laser-Based Calibration System Fot the CLAS-TOF Scintilliators}",
organization = {Jefferosn Lab},
author = "T. G. Pavey and R. Perez and K. L. Giovanetti and E. Smith and R. E. Welsh",
year = "1993",
month = "December"
}

@misc{FToF12,
     title = {FToF12 Forward Time-of-Flight at USC: A Comprehensive Update, FToF12 Technical System Review, Jefferson Lab, Newport News, VA (2009)},
    author = {Ralf Gothe, Evan Phelps, Robert Steinman, and Ye Tian}
}
